@INPROCEEDINGS{CateniCollaVannucci:,
author={Cateni, S. and Colla, V. and Vannucci, M.},
booktitle={Intelligent Systems Design and Applications, 2009. ISDA '09. Ninth International Conference on},
title={General Purpose Input Variables Extraction: A Genetic Algorithm Based Procedure GIVE A GAP},
year={2009},
month={Nov},
pages={1278-1283},
keywords={genetic algorithms;neural nets;genetic algorithm;input variables selection;neural network design;Algorithm design and analysis;Data mining;Feature extraction;Filters;Genetic algorithms;Input variables;Machine learning;Neural networks;Principal component analysis;Testing;genetic algorithm;neural network;variables selection},
doi={10.1109/ISDA.2009.190},}

@inproceedings{ChiHyuckLeeParkLee:,
  author = {Chi-Hyuck, J. and  Lee,  S. and Park, H. and Lee, J.},
  title = "Use of partial least squares regression for variable selection and quality prediction",
  year = 2009,
  publisher = "",
  booktitle = "Computers \& Industrial Engineering (CIE 2009)",
  pages = "",
}

@book{GoldbergDE:,
  author = "Goldberg, D.E.",
  title = "Genetic Algorithms in Search Optimization and Machine Learning",
  year = 1989,
  publisher = "Addison Wesley",
  volume = "",
  edition = "",
  pages = "",
}
